<record><leader>00000cas a22000007a 4500</leader><controlfield tag="001">29300419</controlfield><controlfield tag="008">931111d195319uunyuwr ne      0    0eng d</controlfield><datafield ind1=" " ind2=" " tag="010"><subfield code="a">sn 93063683 </subfield></datafield><datafield ind1=" " ind2=" " tag="040"><subfield code="a">NYS</subfield><subfield code="b">eng</subfield><subfield code="c">NYS</subfield><subfield code="d">OCLCO</subfield></datafield><datafield ind1=" " ind2=" " tag="042"><subfield code="a">msc</subfield></datafield><datafield ind1="0" ind2="0" tag="245"><subfield code="a">Lowville leader and Lyons-Leyden ledger.</subfield></datafield><datafield ind1="0" ind2="0" tag="246"><subfield code="a">Lowville leader and Lyons Leyden ledger</subfield></datafield><datafield ind1="1" ind2="3" tag="246"><subfield code="a">Lyons-Leyden leader</subfield></datafield><datafield ind1="1" ind2="7" tag="246"><subfield code="a">Lowville leader</subfield></datafield><datafield ind1="1" ind2="0" tag="246"><subfield code="a">Lewis County advertiser</subfield></datafield><datafield ind1=" " ind2=" " tag="260"><subfield code="a">Lowville, Lewis County, N.Y. :</subfield><subfield code="b">Richard T. Powers,</subfield><subfield code="c">1953-</subfield></datafield><datafield ind1=" " ind2=" " tag="300"><subfield code="a">v. ;</subfield><subfield code="c">41 cm.</subfield></datafield><datafield ind1="0" ind2=" " tag="362"><subfield code="a">Vol. 41, no. 4 (Jan. 22, 1952 [i.e. 1953])-</subfield></datafield><datafield ind1=" " ind2=" " tag="500"><subfield code="a">Some issues contain: The Lewis County advertiser, shopping section.</subfield></datafield><datafield ind1=" " ind2=" " tag="500"><subfield code="a">"Independent."</subfield></datafield><datafield ind1=" " ind2="0" tag="651"><subfield code="a">Lowville (N.Y.)</subfield><subfield code="v">Newspapers.</subfield></datafield><datafield ind1=" " ind2="0" tag="651"><subfield code="a">Lyons Falls (N.Y.)</subfield><subfield code="v">Newspapers.</subfield></datafield><datafield ind1=" " ind2="0" tag="651"><subfield code="a">Port Leyden (N.Y.)</subfield><subfield code="v">Newspapers.</subfield></datafield><datafield ind1=" " ind2="0" tag="651"><subfield code="a">Lewis County (N.Y.)</subfield><subfield code="v">Newspapers.</subfield></datafield><datafield ind1=" " ind2=" " tag="752"><subfield code="a">United States</subfield><subfield code="b">New York</subfield><subfield code="c">Lewis</subfield><subfield code="d">Lowville.</subfield></datafield><datafield ind1=" " ind2=" " tag="752"><subfield code="a">United States</subfield><subfield code="b">New York</subfield><subfield code="c">Lewis</subfield><subfield code="d">Lyons Falls</subfield></datafield><datafield ind1=" " ind2=" " tag="752"><subfield code="a">United States</subfield><subfield code="b">New York</subfield><subfield code="c">Lewis</subfield><subfield code="d">Port Leyden.</subfield></datafield><datafield ind1="0" ind2="4" tag="780"><subfield code="t">Lowville leader</subfield><subfield code="w">(DLC)sn 92061742</subfield><subfield code="w">(OCoLC)25236766</subfield></datafield><datafield ind1="0" ind2="4" tag="780"><subfield code="t">Lyons-Leyden ledger</subfield><subfield code="w">(DLC)sn 93063684</subfield><subfield code="w">(OCoLC)29300420</subfield></datafield></record>